<record><leader>00000cas a2200000 a 4500</leader><controlfield tag="001">20336855</controlfield><controlfield tag="008">890913c198u9999mauqr ne      0   a0eng d</controlfield><datafield ind1=" " ind2=" " tag="010"><subfield code="a">sn 95063046 </subfield></datafield><datafield ind1=" " ind2=" " tag="040"><subfield code="a">WIH</subfield><subfield code="b">eng</subfield><subfield code="c">WIH</subfield><subfield code="d">CNW</subfield><subfield code="d">OCL</subfield><subfield code="d">OCLCQ</subfield><subfield code="d">OCLCF</subfield><subfield code="d">OCLCO</subfield></datafield><datafield ind1="1" ind2=" " tag="029"><subfield code="a">AU@</subfield><subfield code="b">000010039529</subfield></datafield><datafield ind1="1" ind2=" " tag="029"><subfield code="a">AU@</subfield><subfield code="b">000011579476</subfield></datafield><datafield ind1=" " ind2=" " tag="037"><subfield code="b">Advantage Group, 220 Broadway, Suite 204, Lynnfield, MA 01940</subfield></datafield><datafield ind1=" " ind2=" " tag="042"><subfield code="a">msc</subfield></datafield><datafield ind1="0" ind2=" " tag="130"><subfield code="a">Wingspan (Lynnfield, Mass.)</subfield></datafield><datafield ind1="1" ind2="0" tag="245"><subfield code="a">Wingspan.</subfield></datafield><datafield ind1="3" ind2="0" tag="246"><subfield code="a">Wingspan, journal of the male spirit</subfield></datafield><datafield ind1=" " ind2=" " tag="260"><subfield code="a">Lynnfield, MA :</subfield><subfield code="b">Advantage Group</subfield></datafield><datafield ind1=" " ind2=" " tag="300"><subfield code="a">v. :</subfield><subfield code="b">ill. ;</subfield><subfield code="c">44 cm.</subfield></datafield><datafield ind1=" " ind2=" " tag="310"><subfield code="a">Quarterly</subfield></datafield><datafield ind1=" " ind2=" " tag="500"><subfield code="a">Published in Manchester by the Sea, Mass., &lt;Dec. 1990/Mar. 1991&gt;.</subfield></datafield><datafield ind1=" " ind2=" " tag="500"><subfield code="a">"Journal of the male spirit."</subfield></datafield><datafield ind1=" " ind2=" " tag="588"><subfield code="a">Description based on: Summer 1989; title from caption.</subfield></datafield><datafield ind1=" " ind2="0" tag="650"><subfield code="a">Men</subfield><subfield code="v">Periodicals.</subfield></datafield><datafield ind1=" " ind2="7" tag="655"><subfield code="a">Periodicals.</subfield><subfield code="2">fast</subfield><subfield code="0">(OCoLC)fst01411641</subfield></datafield><datafield ind1=" " ind2="7" tag="650"><subfield code="a">Men.</subfield><subfield code="2">fast</subfield><subfield code="0">(OCoLC)fst01015978</subfield></datafield><datafield ind1=" " ind2=" " tag="752"><subfield code="a">United States</subfield><subfield code="b">Massachusetts</subfield><subfield code="c">Essex</subfield><subfield code="d">Manchester.</subfield></datafield><datafield ind1=" " ind2=" " tag="752"><subfield code="a">United States</subfield><subfield code="b">Massachusetts</subfield><subfield code="c">Essex</subfield><subfield code="d">Lynnfield.</subfield></datafield></record>